@book{doe2023example,
    title={An Example Book},
    author={John Doe},
    year={2023},
    publisher={Fictional Publishing House}
}

@article{smith2022sample,
    title={A Sample Article},
    author={Jane Smith},
    journal={Journal of Examples},
    volume={10},
    number={2},
    pages={123-130},
    year={2022},
    publisher={Sample Publishers}
}

@inproceedings{johnson2021conference,
    title={Conference Paper Example},
    author={Emily Johnson},
    booktitle={Proceedings of the Example Conference},
    year={2021},
    pages={45-50},
    organization={Example Organization}
}